<?xml version="1.0" encoding="UTF-8"?><collection xmlns="http://www.loc.gov/MARC21/slim"><record><leader>00438nam--2200145-i-4500</leader><controlfield tag="001">000032274</controlfield><controlfield tag="002">20161230</controlfield><controlfield tag="005">20161230201039</controlfield><controlfield tag="008">060222s1000------------r-----000-0-eng-d</controlfield><datafield ind1=" " ind2=" " tag="080"><subfield code="a">530.1</subfield></datafield><datafield ind1=" " ind2=" " tag="100"><subfield code="a">Mimura, Yositaka, /S.A.</subfield></datafield><datafield ind1=" " ind2=" " tag="245"><subfield code="a">Wave geometry ii</subfield></datafield><datafield ind1=" " ind2=" " tag="260"><subfield code="a">Hiroshima Reseach Inst.For Theoretical Physics, 1967, Iii + 111p</subfield></datafield><datafield ind1=" " ind2=" " tag="490"><subfield code="a">Scientific Reports Of The Research Institute For Theoretical Physics,</subfield></datafield><datafield ind1=" " ind2=" " tag="852"><subfield code="a">1869718697</subfield></datafield></record></collection>